<?xml version="1.0" encoding="UTF-8"?><collection xmlns="http://www.loc.gov/MARC21/slim"><record><leader>00608nam--2200181-i-4500</leader><controlfield tag="001">000036753</controlfield><controlfield tag="002">20161230</controlfield><controlfield tag="005">20161230201041</controlfield><controlfield tag="008">060222s1000------------r-----000-0-rum-d</controlfield><datafield ind1=" " ind2=" " tag="040"><subfield code="a">IFIN-HH</subfield></datafield><datafield ind1=" " ind2=" " tag="041"><subfield code="a">rum</subfield></datafield><datafield ind1=" " ind2=" " tag="080"><subfield code="a">539.1.074.55</subfield></datafield><datafield ind1="1" ind2=" " tag="100"><subfield code="a">Poenaru, Dorin N</subfield></datafield><datafield ind1="1" ind2="0" tag="245"><subfield code="a">Studiul caracteristicilor detectoarelor de radiatii cu dispozitive semiconductoare</subfield><subfield code="b">Autoreferatul tezei de doctorat</subfield><subfield code="c">Dorin n. poenaru</subfield></datafield><datafield ind1=" " ind2=" " tag="260"><subfield code="a">Bucuresti</subfield><subfield code="b">Intitutul Politehnic Gh.Gheorghiu-dej, Facultatea De Electronica Si Tc</subfield><subfield code="c">1967</subfield></datafield><datafield ind1=" " ind2=" " tag="300"><subfield code="a">66P</subfield></datafield><datafield ind1=" " ind2=" " tag="852"><subfield code="a">26998</subfield><subfield code="c">539.1.07:539.1.08</subfield></datafield><datafield ind1=" " ind2=" " tag="CAT"><subfield code="a">Sys</subfield><subfield code="c">20111019</subfield><subfield code="h">150733</subfield></datafield></record></collection>